@book{langsci-current-book, editor = {Berthold Crysmann\lastand Manfred Sailer}, title = {One-to-many relations in morphology, syntax, and semantics}, year = {2021}, series = {Empirically Oriented Theoretical Morphology and Syntax}, number = {99}, location = {Berlin}, publisher = {Language Science Press}, options = {dataonly=true} } 
